<?xml version="1.0" encoding="UTF-8" standalone="no" ?>
<Document xmlns="urn:iso:std:iso:20022:tech:xsd:pain.001.001.02">
    <pain.001.001.02>
        <GrpHdr>
            <MsgId>Payments-template-example.csv</MsgId>
            <CreDtTm>2023-01-25T12:33:13</CreDtTm>
            <NbOfTxs>4</NbOfTxs>
            <CtrlSum>10132.5</CtrlSum>
            <Grpg>MIXD</Grpg>
            <InitgPty>
                <Nm>John Doe</Nm>
                <Id>
                    <OrgId>
                        <PrtryId>
                            <Id>12345678901234</Id>
                        </PrtryId>
                    </OrgId>
                </Id>
            </InitgPty>
        </GrpHdr>
        <PmtInf>
            <PmtInfId>Payments-template-example.csv-1</PmtInfId>
            <PmtMtd>TRF</PmtMtd>
            <PmtTpInf>
                <SvcLvl>
                    <Cd>SEPA</Cd>
                </SvcLvl>
            </PmtTpInf>
            <ReqdExctnDt>2023-01-05</ReqdExctnDt>
            <Dbtr>
                <Nm>John Doe</Nm>
            </Dbtr>
            <DbtrAcct>
                <Id>
                    <IBAN>FR7612345678901234567890123</IBAN>
                </Id>
            </DbtrAcct>
            <DbtrAgt>
                <FinInstnId>
                    <BIC>BNPAFRPP</BIC>
                </FinInstnId>
            </DbtrAgt>
            <CdtTrfTxInf>
                <PmtId>
                    <EndToEndId>127A</EndToEndId>
                </PmtId>
                <Amt>
                    <InstdAmt Ccy="EUR">3000.00</InstdAmt>
                </Amt>
                <CdtrAgt>
                    <FinInstnId>
                        <BIC>BANKNL2A</BIC>
                    </FinInstnId>
                </CdtrAgt>
                <Cdtr>
                    <Nm>Karlson GmbH</Nm>
                </Cdtr>
                <CdtrAcct>
                    <Id>
                        <IBAN>DE60123456781234567891</IBAN>
                    </Id>
                </CdtrAcct>
                <RmtInf>
                    <Ustrd>furnitures</Ustrd>
                </RmtInf>
            </CdtTrfTxInf>
            <CdtTrfTxInf>
                <PmtId>
                    <EndToEndId>128A</EndToEndId>
                </PmtId>
                <Amt>
                    <InstdAmt Ccy="EUR">1276.00</InstdAmt>
                </Amt>
                <CdtrAgt>
                    <FinInstnId>
                        <BIC>BANKNL2B</BIC>
                    </FinInstnId>
                </CdtrAgt>
                <Cdtr>
                    <Nm>Juan Pablo</Nm>
                </Cdtr>
                <CdtrAcct>
                    <Id>
                        <IBAN>DE21414254636646543654</IBAN>
                    </Id>
                </CdtrAcct>
                <RmtInf>
                    <Ustrd>salary1</Ustrd>
                </RmtInf>
            </CdtTrfTxInf>
            <CdtTrfTxInf>
                <PmtId>
                    <EndToEndId>129A</EndToEndId>
                </PmtId>
                <Amt>
                    <InstdAmt Ccy="EUR">2856.47</InstdAmt>
                </Amt>
                <CdtrAgt>
                    <FinInstnId>
                        <BIC>BANKNL2C</BIC>
                    </FinInstnId>
                </CdtrAgt>
                <Cdtr>
                    <Nm>Mickael Mickael</Nm>
                </Cdtr>
                <CdtrAcct>
                    <Id>
                        <IBAN>DE25125364577587567876</IBAN>
                    </Id>
                </CdtrAcct>
                <RmtInf>
                    <Ustrd>salary2</Ustrd>
                </RmtInf>
            </CdtTrfTxInf>
            <CdtTrfTxInf>
                <PmtId>
                    <EndToEndId>130A</EndToEndId>
                </PmtId>
                <Amt>
                    <InstdAmt Ccy="EUR">3000.03</InstdAmt>
                </Amt>
                <CdtrAgt>
                    <FinInstnId>
                        <BIC>BANKNL2D</BIC>
                    </FinInstnId>
                </CdtrAgt>
                <Cdtr>
                    <Nm>Peter Mc. Nugget</Nm>
                </Cdtr>
                <CdtrAcct>
                    <Id>
                        <IBAN>DE38768654343657687666</IBAN>
                    </Id>
                </CdtrAcct>
                <RmtInf>
                    <Ustrd>salary3</Ustrd>
                </RmtInf>
            </CdtTrfTxInf>
        </PmtInf>
    </pain.001.001.02>
</Document>
