<?xml version="1.0" encoding="UTF-8" standalone="no" ?>
<Document xmlns="urn:iso:std:iso:20022:tech:xsd:pain.001.001.02">
    <pain.001.001.02>
        <GrpHdr>
            <MsgId>sepa-valid-sample.csv</MsgId>
            <CreDtTm>2026-06-12T13:51:42</CreDtTm>
            <NbOfTxs>5</NbOfTxs>
            <CtrlSum>5305.34</CtrlSum>
            <Grpg>MIXD</Grpg>
            <InitgPty>
                <Nm>ACME Demo Company</Nm>
                <Id>
                    <OrgId>
                        <PrtryId>
                            <Id>55327987900672</Id>
                        </PrtryId>
                    </OrgId>
                </Id>
            </InitgPty>
        </GrpHdr>
        <PmtInf>
            <PmtInfId>sepa-valid-sample.csv-1</PmtInfId>
            <PmtMtd>TRF</PmtMtd>
            <PmtTpInf>
                <SvcLvl>
                    <Cd>SEPA</Cd>
                </SvcLvl>
            </PmtTpInf>
            <ReqdExctnDt>2026-06-13</ReqdExctnDt>
            <Dbtr>
                <Nm>ACME Demo Company</Nm>
            </Dbtr>
            <DbtrAcct>
                <Id>
                    <IBAN>FR1420041010050500013M02606</IBAN>
                </Id>
            </DbtrAcct>
            <DbtrAgt>
                <FinInstnId>
                    <BIC>BNPAFRPP</BIC>
                </FinInstnId>
            </DbtrAgt>
            <CdtTrfTxInf>
                <PmtId>
                    <EndToEndId>INV-2026-001</EndToEndId>
                </PmtId>
                <Amt>
                    <InstdAmt Ccy="EUR">1500.00</InstdAmt>
                </Amt>
                <CdtrAgt>
                    <FinInstnId>
                        <BIC>DEUTDEFF</BIC>
                    </FinInstnId>
                </CdtrAgt>
                <Cdtr>
                    <Nm>Karlson GmbH</Nm>
                </Cdtr>
                <CdtrAcct>
                    <Id>
                        <IBAN>DE89370400440532013000</IBAN>
                    </Id>
                </CdtrAcct>
                <RmtInf>
                    <Ustrd>Invoice 2026-001 furniture</Ustrd>
                </RmtInf>
            </CdtTrfTxInf>
            <CdtTrfTxInf>
                <PmtId>
                    <EndToEndId>INV-2026-002</EndToEndId>
                </PmtId>
                <Amt>
                    <InstdAmt Ccy="EUR">980.25</InstdAmt>
                </Amt>
                <CdtrAgt>
                    <FinInstnId>
                        <BIC>BNPAFRPPXXX</BIC>
                    </FinInstnId>
                </CdtrAgt>
                <Cdtr>
                    <Nm>Juan Pablo Services</Nm>
                </Cdtr>
                <CdtrAcct>
                    <Id>
                        <IBAN>FR1420041010050500013M02606</IBAN>
                    </Id>
                </CdtrAcct>
                <RmtInf>
                    <Ustrd>Consulting January</Ustrd>
                </RmtInf>
            </CdtTrfTxInf>
            <CdtTrfTxInf>
                <PmtId>
                    <EndToEndId>INV-2026-003</EndToEndId>
                </PmtId>
                <Amt>
                    <InstdAmt Ccy="EUR">75.10</InstdAmt>
                </Amt>
                <CdtrAgt>
                    <FinInstnId>
                        <BIC>BANKNL2A</BIC>
                    </FinInstnId>
                </CdtrAgt>
                <Cdtr>
                    <Nm>Acme Supplies Ltd</Nm>
                </Cdtr>
                <CdtrAcct>
                    <Id>
                        <IBAN>GB29NWBK60161331926819</IBAN>
                    </Id>
                </CdtrAcct>
                <RmtInf>
                    <Ustrd>Office supplies order 4711</Ustrd>
                </RmtInf>
            </CdtTrfTxInf>
            <CdtTrfTxInf>
                <PmtId>
                    <EndToEndId>INV-2026-004</EndToEndId>
                </PmtId>
                <Amt>
                    <InstdAmt Ccy="EUR">2300.00</InstdAmt>
                </Amt>
                <CdtrAgt>
                    <FinInstnId>
                        <BIC>ABNANL2A</BIC>
                    </FinInstnId>
                </CdtrAgt>
                <Cdtr>
                    <Nm>Tulip Logistics BV</Nm>
                </Cdtr>
                <CdtrAcct>
                    <Id>
                        <IBAN>NL91ABNA0417164300</IBAN>
                    </Id>
                </CdtrAcct>
                <RmtInf>
                    <Ustrd>Freight services week 02</Ustrd>
                </RmtInf>
            </CdtTrfTxInf>
            <CdtTrfTxInf>
                <PmtId>
                    <EndToEndId>INV-2026-005</EndToEndId>
                </PmtId>
                <Amt>
                    <InstdAmt Ccy="EUR">449.99</InstdAmt>
                </Amt>
                <CdtrAgt>
                    <FinInstnId>
                        <BIC>CAIXESBBXXX</BIC>
                    </FinInstnId>
                </CdtrAgt>
                <Cdtr>
                    <Nm>Sol y Mar SL</Nm>
                </Cdtr>
                <CdtrAcct>
                    <Id>
                        <IBAN>ES9121000418450200051332</IBAN>
                    </Id>
                </CdtrAcct>
                <RmtInf>
                    <Ustrd>Maintenance contract Q1</Ustrd>
                </RmtInf>
            </CdtTrfTxInf>
        </PmtInf>
    </pain.001.001.02>
</Document>
